<?xml version="1.0" encoding="UTF-8"?><collection xmlns="http://www.loc.gov/MARC21/slim"><record><leader>00396nam--2200157-i-4500</leader><controlfield tag="001">000011951</controlfield><controlfield tag="002">20161230</controlfield><controlfield tag="005">20170115215754</controlfield><controlfield tag="008">060222s1000------------r-----000-0-eng-d</controlfield><datafield ind1=" " ind2=" " tag="080"><subfield code="a">681.7.02</subfield></datafield><datafield ind1=" " ind2=" " tag="245"><subfield code="a">Tehnologia prelucrarii pieselor optice. Vol. I</subfield></datafield><datafield ind1=" " ind2=" " tag="260"><subfield code="a">Bucuresti</subfield><subfield code="b">Editura Tehnica</subfield><subfield code="c">1977</subfield></datafield><datafield ind1=" " ind2=" " tag="300"><subfield code="a">174 p</subfield></datafield><datafield ind1=" " ind2=" " tag="700"><subfield code="a">Bikov, B. Z</subfield></datafield><datafield ind1=" " ind2=" " tag="852"><subfield code="a">44277</subfield></datafield><datafield ind1=" " ind2=" " tag="CAT"><subfield code="a">SYS</subfield><subfield code="c">20170115</subfield><subfield code="h">215754</subfield></datafield></record></collection>